<record><leader>00000cas a22000007a 4500</leader><controlfield tag="001">16138043</controlfield><controlfield tag="008">870707d19181929iaudn ne      0    0eng d</controlfield><datafield ind1=" " ind2=" " tag="010"><subfield code="a">sn 87058657 </subfield></datafield><datafield ind1=" " ind2=" " tag="040"><subfield code="a">INP</subfield><subfield code="b">eng</subfield><subfield code="c">INP</subfield><subfield code="d">OCLCQ</subfield></datafield><datafield ind1=" " ind2=" " tag="042"><subfield code="a">msc</subfield></datafield><datafield ind1="0" ind2="0" tag="245"><subfield code="a">Mason City globe-gazette and Mason City daily times.</subfield></datafield><datafield ind1="1" ind2="7" tag="246"><subfield code="a">Mason City daily globe-gazette</subfield></datafield><datafield ind1=" " ind2=" " tag="260"><subfield code="a">Mason City, Iowa :</subfield><subfield code="b">Globe-Gazette Print. Co.,</subfield><subfield code="c">1918-1929.</subfield></datafield><datafield ind1=" " ind2=" " tag="300"><subfield code="a">12 v.</subfield></datafield><datafield ind1=" " ind2=" " tag="310"><subfield code="a">Daily (except Sunday)</subfield></datafield><datafield ind1="0" ind2=" " tag="362"><subfield code="a">Vol. 25, no. 281 (Sept. 9, 1918)-v. 36, no. 3 (Oct. 12, 1929).</subfield></datafield><datafield ind1=" " ind2=" " tag="500"><subfield code="a">Publisher varies slightly.</subfield></datafield><datafield ind1=" " ind2=" " tag="752"><subfield code="a">United States</subfield><subfield code="b">Iowa</subfield><subfield code="c">Cerro Gordo</subfield><subfield code="d">Mason City.</subfield></datafield><datafield ind1="0" ind2="4" tag="780"><subfield code="t">Mason City globe-gazette (Mason City, Iowa : 1895 : Daily)</subfield><subfield code="w">(DLC)sn 87058653</subfield></datafield><datafield ind1="0" ind2="4" tag="780"><subfield code="t">Mason City times (Mason City, Iowa : 1918)</subfield><subfield code="w">(DLC)sn 87058457</subfield></datafield><datafield ind1="0" ind2="0" tag="785"><subfield code="t">Mason City globe-gazette (Mason City, Iowa : 1929)</subfield><subfield code="w">(DLC)sn 82015687</subfield></datafield></record>